@book{chaikin2000principles,
  title={Principles of condensed matter physics},
  author={Chaikin, Paul M and Lubensky, Tom C},
  volume={1},
  year={2000},
  publisher={Cambridge university press Cambridge}
}
@article{damle1997nonzero,
  title={Nonzero-temperature transport near quantum critical points},
  author={Damle, Kedar and Sachdev, Subir},
  journal={Physical Review B},
  volume={56},
  number={14},
  pages={8714},
  year={1997},
  publisher={APS}
}
@article{hohenberg1977theory,
  title={Theory of dynamic critical phenomena},
  author={Hohenberg, Pierre C and Halperin, Bertrand I},
  journal={Reviews of Modern Physics},
  volume={49},
  number={3},
  pages={435},
  year={1977},
  publisher={APS}
}
@article{halperin1969hydrodynamic,
  title={Hydrodynamic theory of spin waves},
  author={Halperin, BI and Hohenberg, PC},
  journal={Physical Review},
  volume={188},
  number={2},
  pages={898},
  year={1969},
  publisher={APS}
}
@article{hartnoll2007theory,
  title={Theory of the Nernst effect near quantum phase transitions in condensed matter and in dyonic black holes},
  author={Hartnoll, Sean A and Kovtun, Pavel K and M{\"u}ller, Markus and Sachdev, Subir},
  journal={Physical Review B},
  volume={76},
  number={14},
  pages={144502},
  year={2007},
  publisher={APS}
}
@article{herzog2009lectures,
  title={Lectures on holographic superfluidity and superconductivity},
  author={Herzog, Christopher P},
  journal={Journal of Physics A: Mathematical and Theoretical},
  volume={42},
  number={34},
  pages={343001},
  year={2009},
  publisher={IOP Publishing}
}
@article{lindgren2015holographic,
  title={Holographic Hall conductivities from dyonic backgrounds},
  author={Lindgren, Jonathan and Papadimitriou, Ioannis and Taliotis, Anastasios and Vanhoof, Joris},
  journal={Journal of High Energy Physics},
  volume={2015},
  number={7},
  pages={94},
  year={2015},
  publisher={Springer}
}
